@misc{Python0,
    author			= {Eduardo López Pineda},
    title			= {Python desde cero},
    howpublished	= {\url{https://www.youtube.com/@PythonDesde0/videos}},
    year			= {2021},
    month			= {octubre},
    note			= {Accedido en junio de 2024},
    language        = {spanish},
}

@misc{PythonD,
    author			= {Python\texttrademark},
    title			= {Módulos},
    howpublished	= {\url{https://docs.python.org/es/3/tutorial/modules.html#id3}},
    year			= {2024},
    month			= {junio},
    note			= {Accedido en junio de 2024},
    language        = {spanish},
}

@misc{PythonDalto,
    author			= {Soy Dalto},
    title			= {Curso de PYTHON desde CERO (Completo)},
    howpublished	= {\url{https://docs.python.org/es/3/tutorial/modules.html#id3}},
    year			= {2023},
    month			= {enero},
    note			= {Accedido en junio de 2024},
    language        = {spanish},
}